@article{mattout2005multivariate,
  title={Multivariate source prelocalization (MSP): use of functionally informed basis functions for better conditioning the MEG inverse problem},
  author={Mattout, J{\'e}r{\'e}mie and P{\'e}l{\'e}grini-Issac, M{\'e}lanie and Garnero, Line and Benali, Habib},
  journal={NeuroImage},
  volume={26},
  number={2},
  pages={356--373},
  year={2005},
  publisher={Elsevier}
}

@article{li2018use,
  title={Use of 2, 3, 5-triphenyltetrazolium chloride-stained brain tissues for immunofluorescence analyses after focal cerebral ischemia in rats},
  author={Li, Li and Yu, Qiong and Liang, Weimin},
  journal={Pathology-Research and Practice},
  volume={214},
  number={1},
  pages={174--179},
  year={2018},
  publisher={Elsevier}
}

@article{velicer1996criterion,
  title={A criterion measurement model for health behavior change},
  author={Velicer, Wayne F and Rossi, Joseph S and Prochaska, James O and Diclemente, Carlo C},
  journal={Addictive behaviors},
  volume={21},
  number={5},
  pages={555--584},
  year={1996},
  publisher={Elsevier}
}

@article{fisch1999fisch,
  title={Fisch and Spehlmann's EEG primer: basic principles of digital and analog EEG},
  author={Fisch, Bruce J and Spehlmann, Rainer},
  journal={(book, fix later)},
  year={1999}
}

@elec{wikipic1,
  author  = "Lynch, Patrick J and Jaffe, C Carl",
  title   = "Skull human sagittal section",
  year    = "2006",
  urlseen = "06-12-2024",
  url     = "https://commons.wikimedia.org/wiki/File:Skull_human_sagittal_section.svg",
  note    = "File: \ttfamily{Skull human sagittal section.svg}",
}

@online{wikipic2,
  author  = "Lynch, Patrick J and Jaffe, C Carl",
  title   = "Brain human sagittal section",
  year    = "2006",
  urlseen = "06-12-2024",
  url     = "https://commons.wikimedia.org/wiki/File:Brain_human_sagittal_section.svg",
  note    = "File: \ttfamily{Brain human sagittal section.svg}",
}

@article{Ucurve,
  title={Regularization parameter selection in discrete ill-posed problemsâ€”the use of the U-curve},
  author={Krawczyk-Sta{\'n}do, Dorota and Rudnicki, Marek},
  journal={International Journal of Applied Mathematics and Computer Science},
  volume={17},
  number={2},
  pages={157--164},
  year={2007}
}

@article{creso,
  author={Johnston, P.R. and Gulrajani, R.M.},
  journal={IEEE Transactions on Biomedical Engineering}, 
  title={A new method for regularization parameter determination in the inverse problem of electrocardiography}, 
  year={1997},
  volume={44},
  number={1},
  pages={19-39},
  keywords={Inverse problems;Electrocardiography;Heart;Torso;Geometry;Gaussian noise;Noise measurement;Computational modeling;Protocols;Solid modeling},
  doi={10.1109/10.553710}
}


@article{GCV_Golub,
  title={Generalized cross-validation as a method for choosing a good ridge parameter},
  author={Golub, Gene H and Heath, Michael and Wahba, Grace},
  journal={Technometrics},
  volume={21},
  number={2},
  pages={215--223},
  year={1979},
  publisher={Taylor \& Francis}
}

@article{Lcurve,
  title={Analysis of discrete ill-posed problems by means of the L-curve},
  author={Hansen, Per Christian},
  journal={SIAM review},
  volume={34},
  number={4},
  pages={561--580},
  year={1992},
  publisher={SIAM}
}

@article{hallez2007review,
  title={Review on solving the forward problem in EEG source analysis},
  author={Hallez, Hans and Vanrumste, Bart and Grech, Roberta and Muscat, Joseph and De Clercq, Wim and Vergult, Anneleen and D'Asseler, Yves and Camilleri, Kenneth P and Fabri, Simon G and Van Huffel, Sabine and others},
  journal={Journal of neuroengineering and rehabilitation},
  volume={4},
  number={1},
  pages={1--29},
  year={2007},
  publisher={BioMed Central}
}
%Hallez H, Vanrumste B, Grech R, Muscat J, De Clercq W, Vergult A, D'Asseler Y, Camilleri KP, Fabri SG, Van Huffel S, Lemahieu I. Review on solving the forward problem in EEG source analysis. J Neuroeng Rehabil. 2007 Nov 30;4:46. doi: 10.1186/1743-0003-4-46. PMID: 18053144; PMCID: PMC2234413.

@article{grech2008review,
  title={Review on solving the inverse problem in EEG source analysis},
  author={Grech, Roberta and Cassar, Tracey and Muscat, Joseph and Camilleri, Kenneth P and Fabri, Simon G and Zervakis, Michalis and Xanthopoulos, Petros and Sakkalis, Vangelis and Vanrumste, Bart},
  journal={Journal of neuroengineering and rehabilitation},
  volume={5},
  number={1},
  pages={1--33},
  year={2008},
  publisher={BioMed Central}
}

@article{loreta,
  title={Low resolution electromagnetic tomography: a new method for localizing electrical activity in the brain},
  author={Pascual-Marqui, Roberto D and Michel, Christoph M and Lehmann, Dietrich},
  journal={International Journal of psychophysiology},
  volume={18},
  number={1},
  pages={49--65},
  year={1994},
  publisher={Elsevier}
}

@article{sloreta,
  title={Standardized low-resolution brain electromagnetic tomography (sLORETA): technical details},
  author={Pascual-Marqui, Roberto Domingo and others},
  journal={Methods Find Exp Clin Pharmacol},
  volume={24},
  number={Suppl D},
  pages={5--12},
  year={2002}
}

@article{LAURA,
  title={Electrical neuroimaging based on biophysical constraints},
  author={de Peralta Menendez, Rolando Grave and Murray, Micah M and Michel, Christoph M and Martuzzi, Roberto and Andino, Sara L Gonzalez},
  journal={Neuroimage},
  volume={21},
  number={2},
  pages={527--539},
  year={2004},
  publisher={Elsevier}
}

@article{focuss,
  title={Neuromagnetic source imaging with FOCUSS: a recursive weighted minimum norm algorithm},
  author={Gorodnitsky, Irina F and George, John S and Rao, Bhaskar D},
  journal={Electroencephalography and clinical Neurophysiology},
  volume={95},
  number={4},
  pages={231--251},
  year={1995},
  publisher={Elsevier}
}

@article{review_sparse,
  title={Computationally efficient algorithms for sparse, dynamic solutions to the EEG source localization problem},
  author={Pirondini, Elvira and Babadi, Behtash and Obregon-Henao, Gabriel and Lamus, Camilo and Malik, Wasim Q and H{\"a}m{\"a}l{\"a}inen, Matti S and Purdon, Patrick L},
  journal={IEEE Transactions on Biomedical Engineering},
  volume={65},
  number={6},
  pages={1359--1372},
  year={2017},
  publisher={IEEE}
}

@article{dr_pascal,
  title={Metabolic modulation of synaptic failure and thalamocortical hypersynchronization with preserved consciousness in Glut1 deficiency},
  author={Rajasekaran, Karthik and Ma, Qian and Good, Levi B and Kathote, Gauri and Jakkamsetti, Vikram and Liu, Peiying and Avila, Adrian and Primeaux, Sharon and Enciso Alva, Julio and Markussen, Kia H and others},
  journal={Science translational medicine},
  volume={14},
  number={665},
  pages={eabn2956},
  year={2022},
  publisher={American Association for the Advancement of Science}
}

@article{huster2012methods,
  title={Methods for simultaneous EEG-fMRI: an introductory review},
  author={Huster, Ren{\'e} J and Debener, Stefan and Eichele, Tom and Herrmann, Christoph S},
  journal={Journal of Neuroscience},
  volume={32},
  number={18},
  pages={6053--6060},
  year={2012},
  publisher={Soc Neuroscience}
}

@article{he2008multimodal,
  title={Multimodal functional neuroimaging: integrating functional MRI and EEG/MEG},
  author={He, Bin and Liu, Zhongming},
  journal={IEEE reviews in biomedical engineering},
  volume={1},
  pages={23--40},
  year={2008},
  publisher={IEEE}
}

@article{fnirs,
  title={Multimodal neuroimaging using concurrent EEG/fNIRS for poststroke recovery assessment: an exploratory study},
  author={Li, Rihui and Li, Sheng and Roh, Jinsook and Wang, Chushan and Zhang, Yingchun},
  journal={Neurorehabilitation and Neural Repair},
  volume={34},
  number={12},
  pages={1099--1110},
  year={2020},
  publisher={SAGE Publications Sage CA: Los Angeles, CA}
}

@article{fire,
  title={Multimodal functional imaging using fMRI-informed regional EEG/MEG source estimation},
  author={Ou, Wanmei and Nummenmaa, Aapo and Ahveninen, Jyrki and Belliveau, John W and H{\"a}m{\"a}l{\"a}inen, Matti S and Golland, Polina},
  journal={Neuroimage},
  volume={52},
  number={1},
  pages={97--108},
  year={2010},
  publisher={Elsevier}
}